@book{goldberg_standard_2017,
	address = {Princeton ; Oxford},
	series = {In a nutshell},
	title = {The standard model in a nutshell},
	isbn = {978-0-691-16759-6},
	publisher = {Princeton University Press},
	author = {Goldberg, Dave},
	year = {2017},
	keywords = {Particles (Nuclear physics), Standard model (Nuclear physics), Symmetry (Physics)}
}

@book{kane_modern_1987,
	address = {Redwood City, Calif},
	title = {Modern elementary particle physics},
	isbn = {978-0-201-11749-3},
	publisher = {Addison Wesley, Advanced Book Program},
	author = {Kane, Gordon L.},
	year = {1987},
	keywords = {Leptons (Nuclear physics), Nuclear reactions, Particles (Nuclear physics), Quarks}
}

@article{langacker_physics_2009,
	title = {The {Physics} of {Heavy} ${Z}'$ {Gauge} {Bosons}},
	volume = {81},
	issn = {0034-6861, 1539-0756},
	url = {http://arxiv.org/abs/0801.1345},
	doi = {10.1103/RevModPhys.81.1199},
	number = {3},
	urldate = {2021-01-29},
	journal = {Reviews of Modern Physics},
	author = {Langacker, Paul},
	month = aug,
	year = {2009},
	note = {arXiv: 0801.1345},
	keywords = {High Energy Physics - Phenomenology, High Energy Physics - Experiment, High Energy Physics - Theory},
	pages = {1199--1228},
	file = {arXiv Fulltext PDF:/Users/danieldorado/Zotero/storage/FB2Y7Z4D/Langacker - 2009 - The Physics of Heavy Z' Gauge Bosons.pdf:application/pdf;arXiv.org Snapshot:/Users/danieldorado/Zotero/storage/AGLVFVKK/0801.html:text/html}
}

@book{zee_quantum_2010,
	address = {Princeton, N.J},
	edition = {2nd ed},
	series = {In a nutshell},
	title = {Quantum field theory in a nutshell},
	isbn = {978-0-691-14034-6},
	publisher = {Princeton University Press},
	author = {Zee, Anthony},
	year = {2010},
	note = {OCLC: ocn318585662},
	keywords = {Quantum field theory}
}

@book{shankar_principles_1994,
	address = {New York},
	edition = {2nd ed},
	title = {Principles of {Quantum} {Mechanics}},
	isbn = {978-0-306-44790-7},
	publisher = {Plenum Press},
	author = {Shankar, Ramamurti},
	year = {1994},
	keywords = {Quantum Theory},
}


@book{peskin_introduction_1995,
	edition = {1st},
	title = {An {Introduction} to {Quantum} {Field} {Theory}},
	isbn = {9780367320560},
	language = {English},
	publisher = {CRC Press},
	author = {Peskin, Michael Edward and Schroeder, Daniel V},
	year = {1995},
}

@book{tu_introduction_2011,
	address = {New York},
	edition = {2nd ed},
	series = {Universitext},
	title = {An {Introduction} to {Manifolds}},
	isbn = {978-1-4419-7399-3},
	publisher = {Springer},
	author = {Tu, Loring W.},
	year = {2011},
	keywords = {Geometry, Manifolds},
}

@book{lahiri_first_2005,
	address = {Harrow},
	edition = {2. ed},
	title = {A {First} {Book} of {Quantum} {Field} {Theory}},
	isbn = {978-1-84265-249-7},
	language = {eng},
	publisher = {Alpha Science International},
	author = {Lahiri, Amitabha and Pal, Palash B.},
	year = {2005},
	keywords = {Particles, QFT},
}

@book{lancaster_quantum_2014,
	address = {Oxford},
	edition = {First Edition},
	title = {Quantum {Field} {Theory} for the {Gifted} {Amateur}},
	isbn = {978-0199699339},
	publisher = {Oxford University Press},
	author = {Lancaster, Tom and Blundell, Stephen},
	year = {2014},
	keywords = {Quantum Field Theory},
}


@book{haag_local_1996,
	edition = {2nd},
	series = {Theoretical and {Mathematical} {Physics}},
	title = {Local {Quantum} {Physics}},
	isbn = {9783642614583},
	url = {https://doi.org/10.1007/978-3-642-61458-3},
	language = {English},
	publisher = {Springer-Verlag},
	author = {Haag, Rudolf},
	year = {1996},
}


@book{araki_mathematical_1999,
	address = {Oxford},
	series = {The {International} {Series} of {Monographs} on {Physics}},
	title = {Mathematical {Theory} of {Quantum} {Fields}},
	isbn = {9780198517733},
	language = {English},
	number = {101},
	publisher = {Clarendon Press},
	author = {Araki, Huzihiro},
	year = {1999},
	keywords = {Quantum field theory},
}


@article{mohapatra_neutrino_1980,
	title = {Neutrino {Mass} and {Spontaneous} {Parity} {Nonconservation}},
	volume = {44},
	issn = {0031-9007},
	url = {https://link.aps.org/doi/10.1103/PhysRevLett.44.912},
	doi = {10.1103/PhysRevLett.44.912},
	language = {en},
	number = {14},
	urldate = {2021-05-18},
	journal = {Physical Review Letters},
	author = {Mohapatra, Rabindra N. and Senjanović, Goran},
	month = apr,
	year = {1980},
	pages = {912--915}
}

@article{buttazzo_b-physics_2017,
	title = {B-physics anomalies: a guide to combined explanations},
	volume = {2017},
	issn = {1029-8479},
	url = {https://doi.org/10.1007/JHEP11(2017)044},
	doi = {10.1007/JHEP11(2017)044},
	number = {11},
	urldate = {2022-03-02},
	journal = {Journal of High Energy Physics},
	author = {Buttazzo, Dario and Greljo, Admir and Isidori, Gino and Marzocca, David},
	month = nov,
	year = {2017},
	pages = {44},
}

@article{Fukuda_1999,
   title={Measurement of the Flux and Zenith-Angle Distribution of Upward Throughgoing Muons by Super-Kamiokande},
   volume={82},
   ISSN={1079-7114},
   url={http://dx.doi.org/10.1103/PhysRevLett.82.2644},
   DOI={10.1103/physrevlett.82.2644},
   number={13},
   journal={Physical Review Letters},
   publisher={American Physical Society (APS)},
   author={Fukuda, Y. and Hayakawa, T. and Ichihara, E. and Inoue, K. and Ishihara, K. and Ishino, H. and Itow, Y. and Kajita, T. and Kameda, J. and Kasuga, S. and et al.},
   year={1999},
   month={03},
   pages={2644–2648}
}

@article{Ahmad_2002,
   title={Direct Evidence for Neutrino Flavor Transformation from Neutral-Current Interactions in the Sudbury Neutrino Observatory},
   volume={89},
   ISSN={1079-7114},
   url={http://dx.doi.org/10.1103/PhysRevLett.89.011301},
   DOI={10.1103/physrevlett.89.011301},
   number={1},
   journal={Physical Review Letters},
   publisher={American Physical Society (APS)},
   author={Ahmad, Q. R. and Allen, R. C. and Andersen, T. C. and D.Anglin, J. and Barton, J. C. and Beier, E. W. and Bercovitch, M. and Bigu, J. and Biller, S. D. and Black, R. A. and et al.},
   year={2002},
   month={06}
}

@article{Eguchi_2003,
   title={First Results from KamLAND: Evidence for Reactor Antineutrino Disappearance},
   volume={90},
   ISSN={1079-7114},
   url={http://dx.doi.org/10.1103/PhysRevLett.90.021802},
   DOI={10.1103/physrevlett.90.021802},
   number={2},
   journal={Physical Review Letters},
   publisher={American Physical Society (APS)},
   author={Eguchi, K. and Enomoto, S. and Furuno, K. and Goldman, J. and Hanada, H. and Ikeda, H. and Ikeda, K. and Inoue, K. and Ishihara, K. and Itoh, W. and et al.},
   year={2003},
   month={01}
}

@inproceedings{donoghue_effective_2012,
	address = {Petrpolis - RJ, Brazil},
	title = {The effective field theory treatment of quantum gravity},
	url = {http://aip.scitation.org/doi/abs/10.1063/1.4756964},
	doi = {10.1063/1.4756964},
	urldate = {2021-05-18},
	author = {Donoghue, John F.},
	year = {2012},
	pages = {73--94},
	file = {Submitted Version:/Users/danieldorado/Zotero/storage/BZY5ASMA/Donoghue - 2012 - The effective field theory treatment of quantum gr.pdf:application/pdf}
}

@article{dodelson_sterile_1994,
	title = {Sterile neutrinos as dark matter},
	volume = {72},
	issn = {0031-9007},
	url = {https://link.aps.org/doi/10.1103/PhysRevLett.72.17},
	doi = {10.1103/PhysRevLett.72.17},
	language = {en},
	number = {1},
	urldate = {2021-05-18},
	journal = {Physical Review Letters},
	author = {Dodelson, Scott and Widrow, Lawrence M.},
	month = jan,
	year = {1994},
	pages = {17--20},
	file = {Submitted Version:/Users/danieldorado/Zotero/storage/EZF42QEX/Dodelson and Widrow - 1994 - Sterile neutrinos as dark matter.pdf:application/pdf}
}

@misc{lhcbcollaboration2021test,
      title={Test of lepton universality in beauty-quark decays}, 
      author={{LHCb Collaboration}},
      year={2021},
      eprint={2103.11769},
      archivePrefix={arXiv},
      primaryClass={hep-ex}
}

@article{lhcb_measurement,
  title = {Measurement of the Ratio of Branching Fractions $\mathcal{B}({B}_{c}^{+}\ensuremath{\rightarrow}J/\ensuremath{\psi}{\ensuremath{\tau}}^{+}{\ensuremath{\nu}}_{\ensuremath{\tau}})/\mathcal{B}({B}_{c}^{+}\ensuremath{\rightarrow}J/\ensuremath{\psi}{\ensuremath{\mu}}^{+}{\ensuremath{\nu}}_{\ensuremath{\mu}})$},
  author = {{LHCb Collaboration}},
  journal = {Phys. Rev. Lett.},
  volume = {120},
  issue = {12},
  pages = {121801},
  numpages = {10},
  year = {2018},
  month = {03},
  publisher = {American Physical Society},
  doi = {10.1103/PhysRevLett.120.121801},
  url = {https://link.aps.org/doi/10.1103/PhysRevLett.120.121801}
}

@article{alonso_lepton_2015,
	title = {Lepton universality violation with lepton flavor conservation in {B}-meson decays},
	volume = {2015},
	issn = {1029-8479},
	url = {https://doi.org/10.1007/JHEP10(2015)184},
	doi = {10.1007/JHEP10(2015)184},
	number = {10},
	urldate = {2021-10-12},
	journal = {Journal of High Energy Physics},
	author = {Alonso, R. and Grinstein, B. and Camalich, J. Martin},
	month = oct,
	year = {2015},
	pages = {184},
}

@article{faroughy_confronting_2017,
    title = {Confronting lepton flavor universality violation in B decays with high-$p_T$ tau lepton searches at LHC},
    journal = {Physics Letters B},
    volume = {764},
    pages = {126-134},
    year = {2017},
    issn = {0370-2693},
    doi = {https://doi.org/10.1016/j.physletb.2016.11.011},
    url = {https://www.sciencedirect.com/science/article/pii/S0370269316306724},
    author = {Darius A. Faroughy and Admir Greljo and Jernej F. Kamenik},
}

@article{greljo_high-p_tdilepton_2017,
	title = {High-$p_T$dilepton tails and flavor physics},
	volume = {77},
	issn = {1434-6052},
	url = {https://doi.org/10.1140/epjc/s10052-017-5119-8},
	doi = {10.1140/epjc/s10052-017-5119-8},
	number = {8},
	urldate = {2022-03-02},
	journal = {The European Physical Journal C},
	author = {Greljo, Admir and Marzocca, David},
	month = aug,
	year = {2017},
	pages = {548},
}

@book{griffiths_introduction_2018,
	address = {Cambridge, United Kingdom ; New York, NY},
	edition = {Fourth edition},
	title = {Introduction to {Electrodynamics}},
	isbn = {978-1-108-42041-9},
	publisher = {Cambridge University Press},
	author = {Griffiths, David J.},
	year = {2018},
	keywords = {Electrodynamics},
}

@book{schwichtenberg_physics_2017,
	address = {New York, NY},
	title = {Physics from {Symmetry}},
	isbn = {978-3-319-66630-3},
	publisher = {Springer Berlin Heidelberg},
	author = {Schwichtenberg, Jakob},
	year = {2017},
	keywords = {Lie Algebras, Lie Groups, Representations},
}

@book{hall_lie_2015,
	address = {Cham ; New York},
	edition = {Second edition},
	series = {Graduate texts in mathematics},
	title = {Lie groups, {Lie} algebras, and {Representations}: {An} {Elementary} {Introduction}},
	isbn = {978-3-319-13466-6},
	shorttitle = {Lie groups, {Lie} algebras, and representations},
	number = {222},
	publisher = {Springer},
	author = {Hall, Brian C.},
	year = {2015},
	note = {OCLC: ocn910324548},
	keywords = {Lie Algebras, Lie Groups, Representations},
}

@article{fajfer_vector_2016,
title = {Vector leptoquark resolution of RK and RD(⁎) puzzles},
journal = {Physics Letters B},
volume = {755},
pages = {270-274},
year = {2016},
issn = {0370-2693},
doi = {https://doi.org/10.1016/j.physletb.2016.02.018},
url = {https://www.sciencedirect.com/science/article/pii/S0370269316001143},
author = {S. Fajfer and N. Košnik},
}

@article{cornella_reading_2021,
	title = {Reading the footprints of the {B}-meson flavor anomalies},
	volume = {2021},
	issn = {1029-8479},
	url = {https://link.springer.com/10.1007/JHEP08(2021)050},
	doi = {10.1007/JHEP08(2021)050},
	language = {en},
	number = {8},
	urldate = {2022-03-11},
	journal = {Journal of High Energy Physics},
	author = {Cornella, Claudia and Faroughy, Darius A. and Fuentes-Martín, Javier and Isidori, Gino and Neubert, Matthias},
	month = aug,
	year = {2021},
	pages = {50},
}

 @article{raviv_full_2010, 
    title={Full and partial symmetries of non-rigid shapes}, 
    volume={89}, DOI={10.1007/s11263-010-0320-3}, 
    number={1}, 
    journal={International Journal of Computer Vision}, 
    author={Raviv, Dan and Bronstein, Alexander M. and Bronstein, Michael M. and Kimmel, Ron}, 
    year={2010}, 
    pages={18–39}
} 

@article{assad_baryon_2018,
title = {Baryon number and lepton universality violation in leptoquark and diquark models},
journal = {Physics Letters B},
volume = {777},
pages = {324-331},
year = {2018},
issn = {0370-2693},
doi = {https://doi.org/10.1016/j.physletb.2017.12.042},
url = {https://www.sciencedirect.com/science/article/pii/S0370269317310195},
author = {Nima Assad and Bartosz Fornal and Benjamín Grinstein},
keywords = {Proton decay, Leptoquarks, Pati–Salam unification,  anomalies, Diquarks,  oscillations},
}


@article{blanke_b_2018,
	title = {${B}$ {Meson} {Anomalies} in a {Pati}-{Salam} {Model} within the {Randall}-{Sundrum} {Background}},
	volume = {121},
	url = {https://link.aps.org/doi/10.1103/PhysRevLett.121.011801},
	doi = {10.1103/PhysRevLett.121.011801},
	number = {1},
	urldate = {2021-10-12},
	journal = {Physical Review Letters},
	author = {Blanke, Monika and Crivellin, Andreas},
	month = {07},
	year = {2018},
	pages = {011801},
}

@article{barbieri_b-decay_2018,
	title = {B-decay anomalies in {Pati}–{Salam} {SU}(4)},
	volume = {78},
	issn = {1434-6052},
	url = {https://doi.org/10.1140/epjc/s10052-018-5680-9},
	doi = {10.1140/epjc/s10052-018-5680-9},
	language = {en},
	number = {3},
	urldate = {2021-10-12},
	journal = {The European Physical Journal C},
	author = {Barbieri, Riccardo and Tesi, Andrea},
	month = {03},
	year = {2018},
	pages = {193},
}

@article{calibbi_model_2018,
	title = {Model of vector leptoquarks in view of the ${B}$-physics anomalies},
	volume = {98},
	url = {https://link.aps.org/doi/10.1103/PhysRevD.98.115002},
	doi = {10.1103/PhysRevD.98.115002},
	number = {11},
	urldate = {2021-10-12},
	journal = {Physical Review D},
	author = {Calibbi, Lorenzo and Crivellin, Andreas and Li, Tianjun},
	month = {12},
	year = {2018},
	pages = {115002},
}

@article{calibbi_effective_2015,
	title = {Effective {Field} {Theory} {Approach} to $b\rightarrow s\ell\ell^{(')}$, $B\rightarrow K^{(*)} \nu \overline{\nu}$ and $B\rightarrow D^{(*)}\tau\nu$ with {Third} {Generation} {Couplings}},
	volume = {115},
	url = {https://link.aps.org/doi/10.1103/PhysRevLett.115.181801},
	doi = {10.1103/PhysRevLett.115.181801},
	number = {18},
	urldate = {2022-03-01},
	journal = {Physical Review Letters},
	author = {Calibbi, Lorenzo and Crivellin, Andreas and Ota, Toshihiko},
	month = oct,
	year = {2015},
	pages = {181801},
}

@article{di_luzio_gauge_2017,
	title = {Gauge leptoquark as the origin of ${B}$-physics anomalies},
	volume = {96},
	url = {https://link.aps.org/doi/10.1103/PhysRevD.96.115011},
	doi = {10.1103/PhysRevD.96.115011},
	number = {11},
	urldate = {2021-10-12},
	journal = {Physical Review D},
	author = {Di Luzio, Luca and Greljo, Admir and Nardecchia, Marco},
	month = {12},
	year = {2017},
	pages = {115011},
}

@article{barbieri_anomalies_2016,
	title = {Anomalies in {B}-decays and {U}(2) flavor symmetry},
	volume = {76},
	issn = {1434-6044, 1434-6052},
	url = {http://link.springer.com/10.1140/epjc/s10052-016-3905-3},
	doi = {10.1140/epjc/s10052-016-3905-3},
	language = {en},
	number = {2},
	urldate = {2022-03-01},
	journal = {The European Physical Journal C},
	author = {Barbieri, Riccardo and Isidori, Gino and Pattori, Andrea and Senia, Fabrizio},
	month = feb,
	year = {2016},
	pages = {67},
}


@article{greljo_third_2018,
	title = {Third family quark–lepton unification at the {TeV} scale},
	volume = {782},
	issn = {03702693},
	url = {https://linkinghub.elsevier.com/retrieve/pii/S0370269318303976},
	doi = {10.1016/j.physletb.2018.05.033},
	language = {en},
	urldate = {2022-03-09},
	journal = {Physics Letters B},
	author = {Greljo, Admir and Stefanek, Ben A.},
	month = jul,
	year = {2018},
	pages = {131--138},
}

@article{bhattacharya_simultaneous_2017,
	title = {Simultaneous explanation of the {$R_K$} and $ {R}_{{D}^{\left(*\right)}}$ puzzles: a model analysis},
	volume = {2017},
	issn = {1029-8479},
	shorttitle = {Simultaneous explanation of the {RKand} \$\$ \{{R}\}\_\{{D}{\textasciicircum}\{{\textbackslash}left(*{\textbackslash}right)\}\} \$\$puzzles},
	url = {https://doi.org/10.1007/JHEP01(2017)015},
	doi = {10.1007/JHEP01(2017)015},
	number = {1},
	urldate = {2021-10-12},
	journal = {Journal of High Energy Physics},
	author = {Bhattacharya, Bhubanjyoti and Datta, Alakabha and Guévin, Jean-Pascal and London, David and Watanabe, Ryoutaro},
	month = {01},
	year = {2017},
	pages = {15},
}

@article{bhattacharya_simultaneous_2015,
    title = {Simultaneous explanation of the $R_K$ and $R(D^{(⁎)})$ puzzles},
    journal = {Physics Letters B},
    volume = {742},
    pages = {370-374},
    year = {2015},
    issn = {0370-2693},
    doi = {https://doi.org/10.1016/j.physletb.2015.02.011},
    url = {https://www.sciencedirect.com/science/article/pii/S037026931500074X},
    author = {Bhubanjyoti Bhattacharya and Alakabha Datta and David London and Shanmuka Shivashankara},
}

@article{di_luzio_maximal_2018,
	title = {Maximal flavour violation: a {Cabibbo} mechanism for leptoquarks},
	volume = {2018},
	issn = {1029-8479},
	shorttitle = {Maximal flavour violation},
	url = {https://doi.org/10.1007/JHEP11(2018)081},
	doi = {10.1007/JHEP11(2018)081},
	number = {11},
	urldate = {2022-03-01},
	journal = {Journal of High Energy Physics},
	author = {Di Luzio, Luca and Fuentes-Martin, Javier and Greljo, Admir and Nardecchia, Marco and Renner, Sophie},
	month = nov,
	year = {2018},
	pages = {81},
}

@book{thomson_modern_2013,
	address = {Cambridge, United Kingdom ; New York},
	title = {Modern {Particle} {Physics}},
	isbn = {978-1-107-03426-6},
	publisher = {Cambridge University Press},
	author = {Thomson, Mark},
	year = {2013},
}

@article{weinberg_search_1977,
	title = {The {Search} for {Unity}: {Notes} for a {History} of {Quantum} {Field} {Theory}},
	volume = {106},
	url = {http://www.jstor.org/stable/20024506},
	number = {4},
	journal = {Daedalus},
	author = {Weinberg, Steven},
	year = {1977},
	keywords = {History of Science, Quantum Field Theory},
	pages = {17--35},
}

@article{CMS_experiment,
	doi = {10.1088/1748-0221/3/08/s08004},
	url = {https://doi.org/10.1088/1748-0221/3/08/s08004},
	year = 2008,
	month = {08},
	publisher = {{IOP} Publishing},
	volume = {3},
	number = {08},
	pages = {S08004--S08004},
	author = {The {CMS} {Collaboration}},
	title = {The {CMS} experiment at the {CERN} {LHC}}
}

@article{herr-luminosity,
  author = {Herr, Werner and Muratori, Bruno},
  title = {{Concept of luminosity}},
  year = {2006},
  url = {https://cds.cern.ch/record/941318},
  doi = {10.5170/CERN-2006-002.361}
}

@article{sjostrand_pythia_2006,
	title = {{PYTHIA} 6.4 physics and manual},
	volume = {2006},
	issn = {1029-8479},
	url = {http://stacks.iop.org/1126-6708/2006/i=05/a=026?key=crossref.7fbc8fa1a47a48f7565bead655446685},
	doi = {10.1088/1126-6708/2006/05/026},
	number = {05},
	urldate = {2021-11-16},
	journal = {Journal of High Energy Physics},
	author = {Sjöstrand, Torbjörn and Mrenna, Stephen and Skands, Peter},
	month = {06},
	year = {2006},
	keywords = {Computational HEP},
	pages = {026--026},
}

@article{MadGraph5,
   title={MadGraph 5: going beyond},
   volume={2011},
   ISSN={1029-8479},
   url={http://dx.doi.org/10.1007/JHEP06(2011)128},
   DOI={10.1007/jhep06(2011)128},
   number={6},
   journal={Journal of High Energy Physics},
   publisher={Springer Science and Business Media LLC},
   author={Alwall, Johan and Herquet, Michel and Maltoni, Fabio and Mattelaer, Olivier and Stelzer, Tim},
   year={2011},
   month={06}
}

@article{automated-alwall-2014,
   title={The automated computation of tree-level and next-to-leading order differential cross sections, and their matching to parton shower simulations},
   volume={2014},
   ISSN={1029-8479},
   url={http://dx.doi.org/10.1007/JHEP07(2014)079},
   DOI={10.1007/jhep07(2014)079},
   number={7},
   journal={Journal of High Energy Physics},
   publisher={Springer Science and Business Media LLC},
   author={Alwall, J. and Frederix, R. and Frixione, S. and Hirschi, V. and Maltoni, F. and Mattelaer, O. and Shao, H.-S. and Stelzer, T. and Torrielli, P. and Zaro, M.},
   year={2014},
   month={07}
}

@article{MadEvent,
   title={MadEvent: automatic event generation with MadGraph},
   volume={2003},
   ISSN={1029-8479},
   url={http://dx.doi.org/10.1088/1126-6708/2003/02/027},
   DOI={10.1088/1126-6708/2003/02/027},
   number={02},
   journal={Journal of High Energy Physics},
   publisher={Springer Science and Business Media LLC},
   author={Maltoni, Fabio and Stelzer, Tim},
   year={2003},
   month={02},
   pages={027–027}
}

@article{pati_lepton_1974,
	title = {Lepton number as the fourth ``color''},
	volume = {10},
	url = {https://link.aps.org/doi/10.1103/PhysRevD.10.275},
	doi = {10.1103/PhysRevD.10.275},
	number = {1},
	urldate = {2021-11-22},
	journal = {Physical Review D},
	author = {Pati, Jogesh C. and Salam, Abdus},
	month = {07},
	year = {1974},
	pages = {275--289},
}

@article{baker_high_2019,
	title = {High-$p_T$ signatures in vector–leptoquark models},
	volume = {79},
	issn = {1434-6052},
	url = {https://doi.org/10.1140/epjc/s10052-019-6853-x},
	doi = {10.1140/epjc/s10052-019-6853-x},
	number = {4},
	urldate = {2021-11-22},
	journal = {The European Physical Journal C},
	author = {Baker, Michael J. and Fuentes-Martín, Javier and Isidori, Gino and König, Matthias},
	month = {04},
	year = {2019},
	pages = {334},
}


@article{da_rold_vector_2019,
	title = {A vector leptoquark for the {B}-physics anomalies from a composite {GUT}},
	volume = {2019},
	issn = {1029-8479},
	url = {https://doi.org/10.1007/JHEP12(2019)112},
	doi = {10.1007/JHEP12(2019)112},
	number = {12},
	urldate = {2021-11-22},
	journal = {Journal of High Energy Physics},
	author = {Da Rold, Leandro and Lamagna, Federico},
	month = {12},
	year = {2019},
	pages = {112},
}


@article{zyla_review_2020,
    author = "Zyla, P.A. and others",
    collaboration = "Particle Data Group",
    title = "{Review of Particle Physics}",
    doi = "10.1093/ptep/ptaa104",
    journal = "PTEP",
    volume = "2020",
    number = "8",
    pages = "083C01",
    year = "2020"
}


@article{bordone_three-site_2018,
  title = {A three-site gauge model for flavor hierarchies and flavor anomalies},
  journal = {Physics Letters B},
  volume = {779},
  pages = {317-323},
  year = {2018},
  issn = {0370-2693},
  doi = {https://doi.org/10.1016/j.physletb.2018.02.011},
  url = {https://www.sciencedirect.com/science/article/pii/S0370269318301138},
  author = {Marzia Bordone and Claudia Cornella and Javier Fuentes-Martín and Gino Isidori}
}


@article{cornella_revisiting_2019,
	title = {Revisiting the vector leptoquark explanation of the {B}-physics anomalies},
	volume = {2019},
	issn = {1029-8479},
	url = {https://doi.org/10.1007/JHEP07(2019)168},
	doi = {10.1007/JHEP07(2019)168},
	number = {7},
	urldate = {2021-11-22},
	journal = {Journal of High Energy Physics},
	author = {Cornella, Claudia and Fuentes-Martín, Javier and Isidori, Gino},
	month = {07},
	year = {2019},
	pages = {168},
}


@article{muon_g2_collaboration_measurement_2021,
	title = {Measurement of the anomalous precession frequency of the muon in the {Fermilab} {Muon} $g-2$ {Experiment}},
	volume = {103},
	url = {https://link.aps.org/doi/10.1103/PhysRevD.103.072002},
	doi = {10.1103/PhysRevD.103.072002},
	number = {7},
	urldate = {2021-11-23},
	journal = {Physical Review D},
	author = {{Muon g-2 Collaboration}},
	month = {04},
	year = {2021},
	pages = {072002},
}

@article{de_favereau_delphes_2014,
	title = {{DELPHES} 3: a modular framework for fast simulation of a generic collider experiment},
	volume = {2014},
	issn = {1029-8479},
	shorttitle = {{DELPHES} 3},
	url = {https://doi.org/10.1007/JHEP02(2014)057},
	doi = {10.1007/JHEP02(2014)057},
	number = {2},
	urldate = {2021-11-26},
	journal = {Journal of High Energy Physics},
	author = {de Favereau, J. and Delaere, C. and Demin, P. and Giammanco, A. and Lemaître, V. and Mertens, A. and Selvaggi, M. and {The DELPHES 3 collaboration}},
	month = {02},
	year = {2014},
	pages = {57},
}

@article{antcheva-ROOT-2009,
    title = {ROOT — A C++ framework for petabyte data storage, statistical analysis and visualization},
    journal = {Computer Physics Communications},
    volume = {180},
    number = {12},
    pages = {2499-2512},
    year = {2009},
    note = {40 YEARS OF CPC: A celebratory issue focused on quality software for high performance, grid and novel computing architectures},
    issn = {0010-4655},
    doi = {https://doi.org/10.1016/j.cpc.2009.08.005},
    url = {https://www.sciencedirect.com/science/article/pii/S0010465509002550},
    author = {I. Antcheva and M. Ballintijn and B. Bellenot and M. Biskup and R. Brun and N. Buncic and Ph. Canal and D. Casadei and O. Couet and V. Fine and L. Franco and G. Ganis and A. Gheata and D. Gonzalez Maline and M. Goto and J. Iwaszkiewicz and A. Kreshuk and D. Marcos Segura and R. Maunder and L. Moneta and A. Naumann and E. Offermann and V. Onuchin and S. Panacek and F. Rademakers and P. Russo and M. Tadel}
}

@misc{CMS-wiki,
    title = {CMS Wiki Pages},
    url = {https://wiki.physik.uzh.ch/cms/latex:example_spherical_coordinates},
    year = {2021},
    month = {09},
    day = {29}
}

@article{alloul_FeynRules_2014,
    title = {FeynRules  2.0 — A complete toolbox for tree-level phenomenology},
    journal = {Computer Physics Communications},
    volume = {185},
    number = {8},
    pages = {2250-2300},
    year = {2014},
    issn = {0010-4655},
    doi = {https://doi.org/10.1016/j.cpc.2014.04.012},
    url = {https://www.sciencedirect.com/science/article/pii/S0010465514001350},
    author = {Adam Alloul and Neil D. Christensen and Céline Degrande and Claude Duhr and Benjamin Fuks}
}
